@book{Sivia_2006,
  title={Data Analysis: A Bayesian Tutorial},
  author={Sivia, D. and Skilling, J.},
  isbn={9780198568322},
  series={Oxford science publications},
  year={2006},
  publisher={OUP Oxford}
}